<record><leader>02105cam a2200445 i 4500</leader><controlfield tag="001">6758310</controlfield><controlfield tag="003">OCoLC</controlfield><controlfield tag="005">20141201092543.0</controlfield><controlfield tag="008">140325t20152015fluab    b    001 0 eng  </controlfield><datafield ind1=" " ind2=" " tag="010"><subfield code="a">  2014011563</subfield></datafield><datafield ind1=" " ind2=" " tag="020"><subfield code="a">9781482250718 (hardback)</subfield></datafield><datafield ind1=" " ind2=" " tag="020"><subfield code="a">1482250713 (hardback)</subfield></datafield><datafield ind1=" " ind2=" " tag="035"><subfield code="a">ocn876140727</subfield></datafield><datafield ind1=" " ind2=" " tag="040"><subfield code="a">DLC</subfield><subfield code="b">eng</subfield><subfield code="e">rda</subfield><subfield code="c">DLC</subfield><subfield code="d">YDXCP</subfield><subfield code="d">BTCTA</subfield><subfield code="d">WAU</subfield><subfield code="d">CRCPR</subfield><subfield code="d">CHVBK</subfield><subfield code="d">AEU</subfield></datafield><datafield ind1=" " ind2=" " tag="042"><subfield code="a">pcc</subfield></datafield><datafield ind1=" " ind2=" " tag="043"><subfield code="a">eb-----</subfield></datafield><datafield ind1="0" ind2="0" tag="050"><subfield code="a">DK502.75</subfield><subfield code="b">.K46 2015</subfield></datafield><datafield ind1="0" ind2="0" tag="082"><subfield code="a">320.609479</subfield><subfield code="2">23</subfield></datafield><datafield ind1=" " ind2=" " tag="090"><subfield code="a">DK 502.75 K46 2015</subfield><subfield code="b">AEU</subfield></datafield><datafield ind1="1" ind2=" " tag="100"><subfield code="a">Kenins-Kings, Gundars,</subfield><subfield code="e">author.</subfield></datafield><datafield ind1="1" ind2="0" tag="245"><subfield code="a">Nation-building in the Baltic states :</subfield><subfield code="b">transforming governance, social welfare, and security in Northern Europe /</subfield><subfield code="c">Gundar J. King, David E. McNabb.</subfield></datafield><datafield ind1=" " ind2="1" tag="264"><subfield code="a">Boca Raton, FL :</subfield><subfield code="b">CRC Press/Taylor &amp; Francis Group,</subfield><subfield code="c">[2015]</subfield></datafield><datafield ind1=" " ind2="4" tag="264"><subfield code="c">&#169;2015</subfield></datafield><datafield ind1=" " ind2=" " tag="300"><subfield code="a">xix, 266 pages :</subfield><subfield code="b">illustrations, maps ;</subfield><subfield code="c">24 cm</subfield></datafield><datafield ind1=" " ind2=" " tag="336"><subfield code="a">text</subfield><subfield code="b">txt</subfield><subfield code="2">rdacontent</subfield></datafield><datafield ind1=" " ind2=" " tag="337"><subfield code="a">unmediated</subfield><subfield code="b">n</subfield><subfield code="2">rdamedia</subfield></datafield><datafield ind1=" " ind2=" " tag="338"><subfield code="a">volume</subfield><subfield code="b">nc</subfield><subfield code="2">rdacarrier</subfield></datafield><datafield ind1=" " ind2=" " tag="504"><subfield code="a">Includes bibliographical references (pages 235-258) and index.</subfield></datafield><datafield ind1="0" ind2=" " tag="505"><subfield code="a">1. Transformation challenges -- 2. Transforming the polity -- 3. Shaping the nation state -- 4. Building social capital -- 5. Forming civil society -- 6. Nurturing democratic institutions -- 7. Transforming social welfare -- 8. Transforming education systems -- 9. Transforming fiscal governance -- 10. Shaping Baltic States' security -- 11. Managing transformation.</subfield></datafield><datafield ind1=" " ind2=" " tag="596"><subfield code="a">16 43</subfield></datafield><datafield ind1=" " ind2="0" tag="650"><subfield code="a">Nation-building</subfield><subfield code="z">Baltic States.</subfield></datafield><datafield ind1=" " ind2="0" tag="650"><subfield code="a">Baltic States</subfield><subfield code="x">Social policy.</subfield></datafield><datafield ind1=" " ind2="0" tag="650"><subfield code="a">Education and state</subfield><subfield code="z">Baltic States.</subfield></datafield><datafield ind1=" " ind2="0" tag="650"><subfield code="a">National security</subfield><subfield code="z">Baltic States.</subfield></datafield><datafield ind1=" " ind2="0" tag="650"><subfield code="a">Post-communism</subfield><subfield code="z">Baltic States.</subfield></datafield><datafield ind1=" " ind2="0" tag="651"><subfield code="a">Baltic States</subfield><subfield code="x">Politics and government</subfield><subfield code="y">1991-</subfield></datafield><datafield ind1="1" ind2=" " tag="700"><subfield code="a">McNabb, David E.,</subfield><subfield code="e">author.</subfield></datafield><datafield ind1=" " ind2=" " tag="949"><subfield code="a">DK 502.75 K46 2015</subfield><subfield code="c">1</subfield><subfield code="h">UAAU-B</subfield><subfield code="i">0162035198215</subfield></datafield><datafield ind1=" " ind2=" " tag="926"><subfield code="a">DK 502.75 K46 2015</subfield><subfield code="w">LC</subfield><subfield code="c">1</subfield><subfield code="i">0162035198215</subfield><subfield code="l">ON_SHELF</subfield><subfield code="m">UAAUG</subfield><subfield code="p">$150.00</subfield><subfield code="r">Y</subfield><subfield code="s">Y</subfield><subfield code="t">BOOK</subfield><subfield code="u">12/12/2014</subfield></datafield><datafield ind1=" " ind2=" " tag="926"><subfield code="a">DK 502.75 K46 2015</subfield><subfield code="w">LC</subfield><subfield code="c">1</subfield><subfield code="i">0162035219599</subfield><subfield code="l">ON_SHELF</subfield><subfield code="m">UAHSS</subfield><subfield code="p">$150.00</subfield><subfield code="r">Y</subfield><subfield code="s">Y</subfield><subfield code="t">BOOK</subfield><subfield code="u">1/14/2015</subfield></datafield></record>